@misc{Wikipedia_Quoridor,
  title = {Quoridor - Wikipedia},
  url = {https://en.wikipedia.org/wiki/Quoridor},
  note = {Accessed: 2023-11-19},
  year = {2023}
}

@misc{python_but_worse,
  author = {Dimitrije Karanfilovic},
  title = {Bots for the board game Quoridor implemented using various algorithms},
  year = {Accessed in 2023},
  url = {https://github.com/dimitrijekaranfilovic/quoridor}
}

@misc{monte_carlo_tree_search,
  author = {Gorisanson},
  title = {Quoridor AI based on Monte Carlo Tree Search},
  year = {Accessed in 2023},
  url = {https://github.com/gorisanson/quoridor-ai}
}

@misc{monte_carlo,
  author = {Victor Massagu√© Respall, Joseph Alexander Brown, Hamna Aslam},
  title = {Monte Carlo Tree Search for Quoridor},
  year = {Accessed in 2023},
  url = {https://www.researchgate.net/profile/Joseph-Brown-33/publication/327679826_Monte_Carlo_Tree_Search_for_Quoridor/links/5b9e5b7692851ca9ed0f6eb9/Monte-Carlo-Tree-Search-for-Quoridor.pdf}
}

@misc{retrograde,
  author = {Makuro Iwanaga},
  title = {Quoridor Research},
  year = {Accessed in 2023},
  url = {https://cir.nii.ac.jp/crid/1390015333257577728}
}

@misc{ai_agent,
  author = {Guy Tsur, Yotam Segev},
  title = {Quoridor - Strategy Board Game},
  year = {2012},
  howpublished = {\url{https://www.cs.huji.ac.il/w~ai/projects/2012/Quoridor/files/report.pdf}},
  note = {Accessed: 2023-11-19}
}

@misc{closest_impl,
  author = {Alain Rinder},
  title = {quoridor.py: Python implementation of the Quoridor game},
  year = {Accessed in 2023},
  url = {https://github.com/alainrinder/quoridor.py/tree/master}
}

@misc{javascript,
  author = {Gorisanson},
  title = {quoridor-ai: Quoridor AI based on Monte Carlo Tree Search},
  year = {Accessed in 2023},
  url = {https://github.com/gorisanson/quoridor-ai}
}